<?xml version="1.0" encoding="UTF-8"?><collection xmlns="http://www.loc.gov/MARC21/slim"><record><leader>00547nam--2200205-i-4500</leader><controlfield tag="001">000005464</controlfield><controlfield tag="002">20161230</controlfield><controlfield tag="005">20161230201026</controlfield><controlfield tag="008">060222s1000------------r-----000-0-fre-d</controlfield><datafield ind1=" " ind2=" " tag="040"><subfield code="a">IFIN-HH</subfield></datafield><datafield ind1=" " ind2=" " tag="041"><subfield code="a">fre</subfield></datafield><datafield ind1=" " ind2=" " tag="080"><subfield code="a">539.1</subfield></datafield><datafield ind1="1" ind2=" " tag="100"><subfield code="a">Blanc, D</subfield></datafield><datafield ind1="1" ind2="0" tag="245"><subfield code="a">Elements de physique nucleaire</subfield><subfield code="b">Preface de m. l'inspecteur general h. baissas</subfield><subfield code="c">D. blanc, g. ambrosino</subfield></datafield><datafield ind1=" " ind2=" " tag="260"><subfield code="a">Paris</subfield><subfield code="b">Masson Et Ce Editeurs</subfield><subfield code="c">1960</subfield></datafield><datafield ind1=" " ind2=" " tag="300"><subfield code="a">238 P</subfield></datafield><datafield ind1=" " ind2=" " tag="490"><subfield code="a">Paris</subfield></datafield><datafield ind1="1" ind2=" " tag="700"><subfield code="a">Ambrosino, G</subfield></datafield><datafield ind1=" " ind2=" " tag="852"><subfield code="a">16199</subfield><subfield code="c">539</subfield></datafield><datafield ind1=" " ind2=" " tag="CAT"><subfield code="a">Sys</subfield><subfield code="c">20110926</subfield><subfield code="h">164926</subfield></datafield></record></collection>